<?xml version="1.0" encoding="UTF-8"?><collection xmlns="http://www.loc.gov/MARC21/slim"><record><leader>00303nam--2200121-i-4500</leader><controlfield tag="001">000032556</controlfield><controlfield tag="002">20161230</controlfield><controlfield tag="005">20161230201039</controlfield><controlfield tag="008">060222s1000------------r-----000-0-eng-d</controlfield><datafield ind1=" " ind2=" " tag="100"><subfield code="a">Mittlemen, Joseph</subfield></datafield><datafield ind1=" " ind2=" " tag="245"><subfield code="a">Circuit theory analysis</subfield></datafield><datafield ind1=" " ind2=" " tag="260"><subfield code="a">London, Iliffe Books Ltd., 1964, X + 461p</subfield></datafield><datafield ind1=" " ind2=" " tag="852"><subfield code="a">22395</subfield></datafield></record></collection>